%YAML 1.1
%TAG !u! tag:unity3d.com,2011:
--- !u!1 &2864959551042155151
GameObject:
  m_ObjectHideFlags: 0
  m_CorrespondingSourceObject: {fileID: 0}
  m_PrefabInstance: {fileID: 0}
  m_PrefabAsset: {fileID: 0}
  serializedVersion: 6
  m_Component:
  - component: {fileID: 1452852350053319038}
  - component: {fileID: 8718959358262201421}
  m_Layer: 0
  m_Name: Directional Light
  m_TagString: Untagged
  m_Icon: {fileID: 0}
  m_NavMeshLayer: 0
  m_StaticEditorFlags: 0
  m_IsActive: 1
--- !u!4 &1452852350053319038
Transform:
  m_ObjectHideFlags: 0
  m_CorrespondingSourceObject: {fileID: 0}
  m_PrefabInstance: {fileID: 0}
  m_PrefabAsset: {fileID: 0}
  m_GameObject: {fileID: 2864959551042155151}
  m_LocalRotation: {x: 0, y: 0, z: 0, w: 1}
  m_LocalPosition: {x: 0, y: 0, z: 0}
  m_LocalScale: {x: 1, y: 1, z: 1}
  m_Children: []
  m_Father: {fileID: 3955445864097666437}
  m_RootOrder: 0
  m_LocalEulerAnglesHint: {x: 50, y: -30, z: 0}
--- !u!108 &8718959358262201421
Light:
  m_ObjectHideFlags: 0
  m_CorrespondingSourceObject: {fileID: 0}
  m_PrefabInstance: {fileID: 0}
  m_PrefabAsset: {fileID: 0}
  m_GameObject: {fileID: 2864959551042155151}
  m_Enabled: 1
  serializedVersion: 8
  m_Type: 1
  m_Color: {r: 1, g: 1, b: 1, a: 1}
  m_Intensity: 1
  m_Range: 10
  m_SpotAngle: 30
  m_CookieSize: 10
  m_Shadows:
    m_Type: 0
    m_Resolution: -1
    m_CustomResolution: -1
    m_Strength: 1
    m_Bias: 0.05
    m_NormalBias: 0.4
    m_NearPlane: 0.2
  m_Cookie: {fileID: 0}
  m_DrawHalo: 0
  m_Flare: {fileID: 0}
  m_RenderMode: 0
  m_CullingMask:
    serializedVersion: 2
    m_Bits: 4294967295
  m_Lightmapping: 4
  m_LightShadowCasterMode: 0
  m_AreaSize: {x: 1, y: 1}
  m_BounceIntensity: 1
  m_ColorTemperature: 6570
  m_UseColorTemperature: 0
  m_ShadowRadius: 0
  m_ShadowAngle: 0
--- !u!1 &3955445864097666439
GameObject:
  m_ObjectHideFlags: 0
  m_CorrespondingSourceObject: {fileID: 0}
  m_PrefabInstance: {fileID: 0}
  m_PrefabAsset: {fileID: 0}
  serializedVersion: 6
  m_Component:
  - component: {fileID: 3955445864097666437}
  - component: {fileID: 3955445864097666438}
  m_Layer: 0
  m_Name: GameManager
  m_TagString: Untagged
  m_Icon: {fileID: 0}
  m_NavMeshLayer: 0
  m_StaticEditorFlags: 0
  m_IsActive: 1
--- !u!4 &3955445864097666437
Transform:
  m_ObjectHideFlags: 0
  m_CorrespondingSourceObject: {fileID: 0}
  m_PrefabInstance: {fileID: 0}
  m_PrefabAsset: {fileID: 0}
  m_GameObject: {fileID: 3955445864097666439}
  m_LocalRotation: {x: 0, y: 0, z: 0, w: 1}
  m_LocalPosition: {x: -2.5788116, y: -0.42804778, z: -0.03758016}
  m_LocalScale: {x: 1, y: 1, z: 1}
  m_Children:
  - {fileID: 1452852350053319038}
  m_Father: {fileID: 0}
  m_RootOrder: 0
  m_LocalEulerAnglesHint: {x: 0, y: 0, z: 0}
--- !u!114 &3955445864097666438
MonoBehaviour:
  m_ObjectHideFlags: 0
  m_CorrespondingSourceObject: {fileID: 0}
  m_PrefabInstance: {fileID: 0}
  m_PrefabAsset: {fileID: 0}
  m_GameObject: {fileID: 3955445864097666439}
  m_Enabled: 1
  m_EditorHideFlags: 0
  m_Script: {fileID: 11500000, guid: 5eea6bdf038ee5d4f8c702d7db1d5215, type: 3}
  m_Name: 
  m_EditorClassIdentifier: 
  player: {fileID: 0}
  uIStack: {fileID: 0}
  theSun: {fileID: 0}
  SunColor:
    serializedVersion: 2
    key0: {r: 0.16259822, g: 0.072890714, b: 0.3962264, a: 0.69411767}
    key1: {r: 1, g: 0.7137255, b: 0.37254903, a: 0.4509804}
    key2: {r: 1, g: 0.92156863, b: 0.4117647, a: 0.49019608}
    key3: {r: 1, g: 0.96012676, b: 0.6273585, a: 0.57254905}
    key4: {r: 1, g: 0.92336255, b: 0.41037738, a: 0.50942534}
    key5: {r: 1, g: 0.7146134, b: 0.3726415, a: 0.4509804}
    key6: {r: 0.16078432, g: 0.07450981, b: 0.39607844, a: 0.53333336}
    key7: {r: 0, g: 0, b: 0, a: 0}
    ctime0: 0
    ctime1: 14649
    ctime2: 23901
    ctime3: 34502
    ctime4: 43754
    ctime5: 53392
    ctime6: 65535
    ctime7: 0
    atime0: 0
    atime1: 15035
    atime2: 24479
    atime3: 33731
    atime4: 44140
    atime5: 53777
    atime6: 65342
    atime7: 0
    m_Mode: 0
    m_NumColorKeys: 7
    m_NumAlphaKeys: 7
  StartingTime:
    Day: 0
    Hour: 0
    Minute: 0
    Second: 0
  TimeScale: 0
